% Hier deine Quellen. Citavi empfiehlt sich.
