Automatically generated by Mendeley Desktop 1.19.8
Any changes to this file will be lost if it is regenerated by Mendeley.

BibTeX export options can be customized via Options -> BibTeX in Mendeley Desktop

@misc{dockerhub,
title = {{Docker Hub - Container Image Library | Docker}},
url = {https://www.docker.com/products/docker-hub},
urldate = {2021-07-14}
}
@misc{wsl,
title = {{Was ist das Windows-Subsystem f{\"{u}}r Linux? | Microsoft Docs}},
url = {https://docs.microsoft.com/de-de/windows/wsl/about},
urldate = {2021-07-14}
}
@misc{whatisacontainer,
title = {{What is a Container? | App Containerization | Docker}},
url = {https://www.docker.com/resources/what-container},
urldate = {2021-07-14}
}
@misc{package.json,
title = {{package-lock.json | npm Docs}},
url = {https://docs.npmjs.com/cli/v7/configuring-npm/package-lock-json},
urldate = {2021-07-14}
}
@book{Bonnen.2016,
address = {Bonn},
author = {B{\"{o}}nnen, Carsten and Drees, Volker and Fischer, Andr{\'{e}} and Heinz, Ludwig and Strothmann, Karsten},
edition = {2., aktual},
isbn = {978-3-8362-4019-2},
publisher = {Rheinwerk Publishing},
series = {SAP Press},
title = {{SAP Gateway und OData}},
year = {2016}
}
@book{Schell.2017,
address = {Bonn},
author = {Schell, Otto and Schocke, Kai-Oliver and Schmid-Lutz, Veronika and Stockrahm, Volker and Zinovieva, Julia},
edition = {1. Auflage},
isbn = {978-3-8362-4272-1},
publisher = {Rheinwerk and {\{}SAP PRESS{\}}},
series = {SAP Press},
title = {{Industrie 4.0 mit SAP: Digitale Transformation und das Internet of Things (IoT)}},
year = {2017}
}
